@mastersthesis{Kadowaki21,
  author={Shuhei Kadowaki},
  year={2021},
  title={プログラミング言語 {J}ulia の型推論ルーチンを用いた型プロファイラによる静的なバグ検出について},
  school={Kyoto University},
  address={Kyoto, Japan},
  type={Bachelor's Thesis},
}

@misc{cthulu,
  author = {JuliaDebug},
  title = {{Cthulu.jl: The slow descent into madness}},
  howpublished = {\url{https://github.com/JuliaDebug/Cthulhu.jl}},
  note = {(Accessed on 2021-05-05)}
}

@misc{jet,
  author = {Shuhei Kadowaki},
  title = {{JET.jl: experimental type checker for Julia}},
  howpublished = {\url{https://github.com/aviatesk/JET.jl}},
  note = {(Accessed on 2021-05-05)}
}

@misc{staticlint,
  author = {julia-vscode},
  title = {{StaticLint.jl - Static Code Analysis for Julia}},
  howpublished = {\url{https://github.com/julia-vscode/StaticLint.jl}},
  note = {(Accessed on 2021-05-05)}
}

@misc{abstract-interpretation-pr,
  author = {Elliot Saba},
  title = {{Add \texttt{AbstractInterpreter} to parameterize compilation pipeline}},
  howpublished = {\url{https://github.com/JuliaLang/julia/pull/33955}},
  note = {(Accessed on 2021-05-05)}
}

@misc{infinite-iteration-pr,
  author = {Shuhei Kadowaki},
  title = {{wip: report infinite iteration}},
  howpublished = {\url{https://github.com/aviatesk/JET.jl/pull/186}},
  note = {(Accessed on 2021-05-05)}
}

@article{julia17,
    title={Julia: A fresh approach to numerical computing},
    author={Bezanson, Jeff and Edelman, Alan and Karpinski, Stefan and Shah, Viral B},
    journal={SIAM {R}eview},
    volume={59},
    number={1},
    pages={65--98},
    year={2017},
    publisher={SIAM},
    doi={10.1137/141000671}
}

@misc{julia-iteration,
  title = {{Julia Manual - Interfaces - Iteration}},
  howpublished = {\url{https://docs.julialang.org/en/v1/manual/interfaces/#man-interface-iteration}},
  note = {(Accessed on 2021-05-03)}
}

@misc{julia-ssa,
  title = {{Julia Documentation - Developer Documentation - Julia SSA-form IR}},
  howpublished = {\url{https://docs.julialang.org/en/latest/devdocs/ssair/}},
  note = {(Accessed on 2021-05-03)}
}

@misc{jameson,
  author = {Nash, Jameson},
  title = {{Inference Convergence Algorithm in Julia - Revisited – Julia Computing}},
  howpublished = {\url{https://juliacomputing.com/blog/2017/05/15/inference-converage2.html}},
  note = {(Accessed on 2021-05-03)}
}